@inproceedings{kveton2015cascading,
	title={Cascading bandits: learning to rank in the cascade model},
	author={Kveton, Branislav and Szepesv{\'a}ri, Csaba and Wen, Zheng and Ashkan, Azin},
	booktitle={Proceedings of the 32th International Conference on Machine Learning},
	year={2015}
}

@article{kveton2015combinatorial,
	title={Combinatorial Cascading Bandits},
	author={Kveton, Branislav and Wen, Zheng and Ashkan, Azin and Szepesvari, Csaba},
	journal={Advances in Neural Information Processing Systems},
	year={2015}
}

@inproceedings{chen2013combinatorial,
	title={Combinatorial multi-armed bandit: General framework and applications},
	author={Chen, Wei and Wang, Yajun and Yuan, Yang},
	booktitle={Proceedings of the 30th International Conference on Machine Learning},
	pages={151--159},
	year={2013}
}

@inproceedings{qin2014contextual,
	title={Contextual combinatorial bandit and its application on diversified online recommendation},
	author={Qin, Lijing and Chen, Shouyuan and Zhu, Xiaoyan},
	booktitle={Proceedings of the 2014 SIAM International Conference on Data Mining (SDM)},
	year={2014}
}

@inproceedings{abbasi2011improved,
	title={Improved algorithms for linear stochastic bandits},
	author={Abbasi-Yadkori, Yasin and P{\'a}l, D{\'a}vid and Szepesv{\'a}ri, Csaba},
	booktitle={Advances in Neural Information Processing Systems},
	pages={2312--2320},
	year={2011}
}